@article{core,
  author    = {Marco Bucchi and
               Alejandro Grez and
               Andr{\'{e}}s Quintana and
               Cristian Riveros and
               Stijn Vansummeren},
  title     = {{CORE:} a COmplex event Recognition Engine},
  journal   = {CoRR},
  volume    = {abs/2111.04635},
  year      = {2021},
  url       = {https://arxiv.org/abs/2111.04635},
  eprinttype = {arXiv},
  eprint    = {2111.04635},
  timestamp = {Wed, 10 Nov 2021 16:07:30 +0100},
  biburl    = {https://dblp.org/rec/journals/corr/abs-2111-04635.bib},
  bibsource = {dblp computer science bibliography, https://dblp.org}
}
